@book{RESTBOOK,
	Author = {Valentin Bojinov},
	Title = {RESTful Web API Design with Node.js},
	Publisher = {Packt Publishing},
	Year = {2015},
	ISBN = {978-1-78398-586-9},
}

@phdthesis{REST_THESIS,
	author       = {Roy Fielding}, 
	title        = {Architectural Styles and the Design of Network-based Software Architectures},
	school       = {University of California},
	year         = 2000,
	note = {\url{https://www.ics.uci.edu/fielding/pubs/dissertation/fielding\_dissertation\_2up.pdf}, visited 2018-02-09 },
}

@book{RFC2616,
	author = {Roy T. Fielding and James Gettys and Jeffrey C. Mogul and Henrik Frystyk Nielsen and Larry Masinter and Paul J. Leach and Tim Berners-Lee},
	title = {Hypertext Transfer Protocol -- HTTP/1.1},
	howpublished = {Internet Requests for Comments},
	type = {RFC},
	number = {2616},
	year = {1999},
	month = {June},
	issn = {2070-1721},
	publisher = {RFC Editor},
	institution = {RFC Editor},
	url = {http://www.rfc-editor.org/rfc/rfc2616.txt},
	note = {visited 2018-02-09},
}

@book{HATEOAS_FORMATS,
	author = {Kevin Sookocheff},
	title = {On choosing a hypermedia type for your API - HAL, JSON-LD, Collection+JSON, SIREN, Oh My!},
	url = {https://sookocheff.com/post/api/on-choosing-a-hypermedia-format/},
	OPTurldate = {March 4, 2016},
	year = {2014},
	note = {visited 2018-02-09},
}

@book{HATEOAS_ROY,
	author = {Roy Fielding},
	title = {REST APIs must be hypertext-driven!},
	url = {http://roy.gbiv.com/untangled/2008/rest-apis-must-be-hypertext-driven},
	OPTurldate = {October 20, 2008},
	year = {2008},
	note = {visited 2018-02-09},
}